% Use this file for citations not found in the ACL Anthology (contained in "anthology.bib").

@misc{yfinance,
    author = {Ran Aroussi},
    title = {yfinance: Download market data from Yahoo! Finance's API},
    year = {2024},
    url = {https://pypi.org/project/yfinance/},
    note = {Python package version 0.2.28}
}

@misc{cash-time-machine-dataset,
    author = {{Our HuggingFace Dataset}},
    title = {Open Stock Reports Dataset},
    year = {2025},
    url = {https://huggingface.co/datasets/almogtavor/open-stock-reports-dataset},
    note = {HuggingFace Datasets}
}

@misc{cash-time-machine-code,
    author = {{Our GitHub Repository}},
    title = {Cash Time Machine: Revenue Growth Analysis Code},
    year = {2025},
    url = {https://github.com/almogtavor/cash-time-machine/},
    note = {GitHub Repository}
}

@book{Aho:72,
    author  = {Alfred V. Aho and Jeffrey D. Ullman},
    title   = {The Theory of Parsing, Translation and Compiling},
    year    = "1972",
    volume  = "1",
    publisher = {Prentice-Hall},
    address = {Englewood Cliffs, NJ}
}

@book{APA:83,
    author  = {{American Psychological Association}},
    title   = {Publications Manual},
    year    = "1983",
    publisher = {American Psychological Association},
    address = {Washington, DC}
}

@article{Chandra:81,
	author = {Ashok K. Chandra and Dexter C. Kozen and Larry J. Stockmeyer},
	year = "1981",
	title = {Alternation},
	journal = {Journal of the Association for Computing Machinery},
	volume = "28",
	number = "1",
	pages = "114--133",
	doi = "10.1145/322234.322243",
}

@inproceedings{andrew2007scalable,
  title={Scalable training of {$L_1$}-regularized log-linear models},
  author={Andrew, Galen and Gao, Jianfeng},
  booktitle={Proceedings of the 24th International Conference on Machine Learning},
  pages={33--40},
  year={2007},
  url={https://dl.acm.org/doi/abs/10.1145/1273496.1273501}
}

@book{Gusfield:97,
    author  = {Dan Gusfield},
    title   = {Algorithms on Strings, Trees and Sequences},
    year    = "1997",
    publisher = {Cambridge University Press},
    address = {Cambridge, UK},
    url={https://www.cambridge.org/core/books/algorithms-on-strings-trees-and-sequences/F0B095049C7E6EF5356F0A26686C20D3}
}

@article{rasooli-tetrault-2015,
    author    = {Mohammad Sadegh Rasooli and Joel R. Tetreault},
    title     = {Yara Parser: {A} Fast and Accurate Dependency Parser},
    journal   = {Computing Research Repository},
    volume    = {arXiv:1503.06733},
    year      = {2015},
    url       = {http://arxiv.org/abs/1503.06733},
    note    = {version 2}
}

@article{Ando2005,
	Acmid = {1194905},
	Author = {Ando, Rie Kubota and Zhang, Tong},
	Issn = {1532-4435},
	Issue_Date = {12/1/2005},
	Journal = {Journal of Machine Learning Research},
	Month = dec,
	Numpages = {37},
	Pages = {1817--1853},
	Publisher = {JMLR.org},
	Title = {A Framework for Learning Predictive Structures from Multiple Tasks and Unlabeled Data},
	Volume = {6},
	Year = {2005},
	url={https://www.jmlr.org/papers/volume6/ando05a/ando05a.pdf}
}

@article{ct1965,
  title={An algorithm for the machine calculation of complex {F}ourier series},
  author={Cooley, James W. and Tukey, John W.},
  journal={Mathematics of Computation},
  volume={19},
  number={90},
  pages={297--301},
  year={1965},
  url={https://www.ams.org/journals/mcom/1965-19-090/S0025-5718-1965-0178586-1/S0025-5718-1965-0178586-1.pdf}
}

@manual{simfin,
  title = {SimFin Python API},
  author = {SimFin},
  year = {2025},
  note = {Accessed: 2024-06-21},
  url = {https://simfin.readthedocs.io/en/latest/}
}

@manual{fmp,
  title = {Financial Modeling Prep API},
  author = {{Financial Modeling Prep}},
  year = {2025},
  note = {Accessed: 2024-06-21},
  url = {https://site.financialmodelingprep.com/developer/docs}
}
